<record><leader>00000cas a2200000 a 4500</leader><controlfield tag="001">41076058</controlfield><controlfield tag="007">hd afb021baca</controlfield><controlfield tag="008">990331d18661866scuwr nea     0    0eng c</controlfield><datafield ind1=" " ind2=" " tag="010"><subfield code="a">  2009257315</subfield></datafield><datafield ind1=" " ind2=" " tag="040"><subfield code="a">NJB</subfield><subfield code="b">eng</subfield><subfield code="c">NJB</subfield><subfield code="d">OCLCQ</subfield><subfield code="d">CUI</subfield><subfield code="d">INU</subfield><subfield code="d">TEF</subfield><subfield code="d">OCLCQ</subfield><subfield code="d">OCLCF</subfield></datafield><datafield ind1=" " ind2=" " tag="019"><subfield code="a">175986524</subfield><subfield code="a">226077148</subfield><subfield code="a">236056749</subfield></datafield><datafield ind1="1" ind2=" " tag="029"><subfield code="a">AU@</subfield><subfield code="b">000020723690</subfield></datafield><datafield ind1=" " ind2=" " tag="042"><subfield code="a">pcc</subfield></datafield><datafield ind1=" " ind2=" " tag="043"><subfield code="a">n-us-sc</subfield></datafield><datafield ind1=" " ind2="4" tag="050"><subfield code="a">AN2.S6</subfield><subfield code="b">G74</subfield></datafield><datafield ind1="0" ind2=" " tag="130"><subfield code="a">Greenville mountaineer (Greenville, S.C. : 1866)</subfield></datafield><datafield ind1="1" ind2="4" tag="245"><subfield code="a">The Greenville mountaineer</subfield><subfield code="h">[microform].</subfield></datafield><datafield ind1=" " ind2=" " tag="260"><subfield code="a">Greenville, S.C. :</subfield><subfield code="b">G.E. Elford</subfield></datafield><datafield ind1=" " ind2=" " tag="300"><subfield code="a">v. ;</subfield><subfield code="c">56 cm.</subfield></datafield><datafield ind1=" " ind2=" " tag="310"><subfield code="a">Weekly</subfield></datafield><datafield ind1="1" ind2=" " tag="362"><subfield code="a">Began in 1866; ceased in Dec. 1866.</subfield></datafield><datafield ind1=" " ind2=" " tag="515"><subfield code="a">Issues for &lt;Aug. 2, 1866-Nov. 29, 1866&gt; called also &lt;whole no. 756-773&gt;.</subfield></datafield><datafield ind1=" " ind2=" " tag="588"><subfield code="a">Description based on: Vol. 15, no. 19 (Aug. 2, 1866); title from caption.</subfield></datafield><datafield ind1=" " ind2=" " tag="588"><subfield code="a">Latest issue consulted: Vol. 15, no. 36 (Nov. 29, 1866).</subfield></datafield><datafield ind1=" " ind2=" " tag="533"><subfield code="a">Microfilm.</subfield><subfield code="m">v.15:no. 19 (1866:Aug. 2), v.15:no. 35-36 (1866:Nov. 22-29).</subfield><subfield code="b">Columbia, S.C. :</subfield><subfield code="c">South Caroliniana Library ;</subfield><subfield code="b">[Wilmington, Del. :</subfield><subfield code="c">distributed by] Scholarly Resources, Inc.,</subfield><subfield code="d">1988.</subfield><subfield code="e">1 microfilm reel ; 35 mm.</subfield><subfield code="n">On reel with issues of: Greenville mountaineer (Greenville, S.C. : 1830); Mountaineer (Greenville, S.C. : 1866); Greenville mountaineer (Greenville, S.C. : 1893); and: Mountaineer (Greenville, S.C. : 1902).</subfield></datafield><datafield ind1=" " ind2=" " tag="539"><subfield code="a">d</subfield><subfield code="b">1866</subfield><subfield code="c">1866</subfield><subfield code="d">deu</subfield><subfield code="e">u</subfield><subfield code="f">u</subfield></datafield><datafield ind1=" " ind2="0" tag="651"><subfield code="a">Greenville (S.C.)</subfield><subfield code="v">Newspapers.</subfield></datafield><datafield ind1=" " ind2="0" tag="651"><subfield code="a">Greenville County (S.C.)</subfield><subfield code="v">Newspapers.</subfield></datafield><datafield ind1=" " ind2="7" tag="655"><subfield code="a">Newspapers.</subfield><subfield code="2">fast</subfield><subfield code="0">(OCoLC)fst01423814</subfield></datafield><datafield ind1=" " ind2="7" tag="651"><subfield code="a">South Carolina</subfield><subfield code="z">Greenville.</subfield><subfield code="2">fast</subfield><subfield code="0">(OCoLC)fst01203010</subfield></datafield><datafield ind1=" " ind2="7" tag="651"><subfield code="a">South Carolina</subfield><subfield code="z">Greenville County.</subfield><subfield code="2">fast</subfield><subfield code="0">(OCoLC)fst01209838</subfield></datafield><datafield ind1=" " ind2=" " tag="752"><subfield code="a">United States</subfield><subfield code="b">South Carolina</subfield><subfield code="c">Greenville</subfield><subfield code="d">Greenville.</subfield></datafield><datafield ind1="0" ind2=" " tag="775"><subfield code="t">Semi-weekly mountaineer</subfield></datafield><datafield ind1="1" ind2=" " tag="776"><subfield code="c">Original</subfield><subfield code="w">(DLC)sn 93030285</subfield><subfield code="w">(OCoLC)27141834</subfield></datafield><datafield ind1="0" ind2="0" tag="780"><subfield code="t">Patriot and mountaineer</subfield><subfield code="w">(OCoLC)18329201</subfield></datafield><datafield ind1="0" ind2="0" tag="785"><subfield code="t">Mountaineer (Greenville, S.C. : 1866)</subfield><subfield code="w">(DLC)  2009257316</subfield><subfield code="w">(OCoLC)32306546</subfield></datafield></record>